<?xml version="1.0" encoding="UTF-8"?><collection xmlns="http://www.loc.gov/MARC21/slim"><record><leader>00337nam--2200121-i-4500</leader><controlfield tag="001">000004832</controlfield><controlfield tag="002">20161230</controlfield><controlfield tag="005">20161230201026</controlfield><controlfield tag="008">060222s1000------------r-----000-0-eng-d</controlfield><datafield ind1=" " ind2=" " tag="245"><subfield code="a">Aerial prospecting for ground radioactive material. a literature survey</subfield></datafield><datafield ind1=" " ind2=" " tag="260"><subfield code="a">Israel Atomic Energy Commission, 1958. 3 P</subfield></datafield><datafield ind1=" " ind2=" " tag="490"><subfield code="a">18</subfield></datafield><datafield ind1=" " ind2=" " tag="852"><subfield code="a">D1019</subfield></datafield></record></collection>